<?xml version="1.0" encoding="UTF-8"?><collection><record><leader>07152ntm a2200649 a 4500</leader><controlfield tag="001">006822808</controlfield><controlfield tag="003">MiAaHDL</controlfield><controlfield tag="005">20190719000000.0</controlfield><controlfield tag="006">m        d        </controlfield><controlfield tag="007">cr bn ---auaua</controlfield><controlfield tag="008">090624s1679    xx            00| ||ota d</controlfield><datafield tag="035" ind1=" " ind2=" "><subfield code="a">(MiU)006822808</subfield></datafield><datafield tag="035" ind1=" " ind2=" "><subfield code="a">sdr-miu006822808</subfield></datafield><datafield tag="040" ind1=" " ind2=" "><subfield code="a">MiU</subfield><subfield code="c">MiU</subfield><subfield code="e">amremm</subfield></datafield><datafield tag="041" ind1="0" ind2=" "><subfield code="a">ota</subfield></datafield><datafield tag="043" ind1=" " ind2=" "><subfield code="a">n-us-mi</subfield></datafield><datafield tag="100" ind1="0" ind2=" "><subfield code="6">880-01</subfield><subfield code="a">İsmail Ankaravî,</subfield><subfield code="d">-1631 or 1632.</subfield></datafield><datafield tag="240" ind1="1" ind2="0"><subfield code="6">880-02</subfield><subfield code="a">Kaside-yi Münferice şerhi</subfield></datafield><datafield tag="245" ind1="1" ind2="0"><subfield code="6">880-03</subfield><subfield code="a">Hikem münderice fî şerh-i Münferice,</subfield><subfield code="f">[1090, i.e. 1679].</subfield></datafield><datafield tag="246" ind1="3" ind2=" "><subfield code="a">Hikmet ül-münderice fi şerh il-münferice</subfield></datafield><datafield tag="246" ind1="3" ind2=" "><subfield code="a">Hikmetü'l-münderice fi şerhi'l-münferice</subfield></datafield><datafield tag="246" ind1="3" ind2=" "><subfield code="a">Hükmü münderice fî şerhi'l-Münferice</subfield></datafield><datafield tag="246" ind1="3" ind2=" "><subfield code="6">880-04</subfield><subfield code="i">Title from inscription on opening leaf (p.5):</subfield><subfield code="a">Şerh-i Kaside-yi Münferice</subfield></datafield><datafield tag="260" ind1=" " ind2=" "><subfield code="c">[1679].</subfield></datafield><datafield tag="300" ind1=" " ind2=" "><subfield code="a">122 leaves :</subfield><subfield code="b">paper ;</subfield><subfield code="c">135 x 100 (91 x 55) mm.</subfield></datafield><datafield tag="500" ind1=" " ind2=" "><subfield code="a">Shelfmark: Ann Arbor, University of Michigan, Special Collections Library, Isl. Ms. 428</subfield></datafield><datafield tag="500" ind1=" " ind2=" "><subfield code="a">Origin: As appears in colophon on p.242, copied by Ahmet bin İbrahim ül-Üsküdarî ( احمد بن ابراهيم الاسكدارى / Aḥmad ibn Ibrāhīm al-Uskudārī ) with transcription completed in the latter part of Shawwāl 1090 [December 1679].</subfield></datafield><datafield tag="500" ind1=" " ind2=" "><subfield code="a">Former shelfmark: "۱۲۳" in black ink on upper cover label ; "٦٥" in pencil on recto of front flyleaf ; "404 T. De M. [i.e. Tammaro De Marinis]" in pencil on verso of front flyleaf ; "238" in pencil on 'title page' (p.7).</subfield></datafield><datafield tag="500" ind1=" " ind2=" "><subfield code="a">Binding: Pasteboards covered in dark red-brown leather ; Type II binding (with flap) ; board linings and flyleaves (as well as lining of envelope flap) in pink silver-flecked paper ; upper and lower covers carry stamped (dark brown recessed onlays) and gold-painted scalloped mandorla (filled with vegetal composition, compare Déroche class. OAi 2) and pendants, as well as gold tooled and painted accents (rosettes and radiating strokes) and guilloché roll border ; sewn in pink thread, two stations ; worked chevron endbands in pink and yellow, fair condition ; overall in somewhat poor condition with upper cover fully detached, lifting of leather at fore edge flap, minor abrasion, etc.</subfield></datafield><datafield tag="500" ind1=" " ind2=" "><subfield code="a">Support: non-European laid paper with roughly 10 laid lines per cm. (vertical or horizontal, somewhat indistinct) and occasional chain lines faintly visible, thin and transluscent though sturdy, well-burnished, beige in color (lighter and darker shades).</subfield></datafield><datafield tag="500" ind1=" " ind2=" "><subfield code="a">Decoration: Illuminated headpiece (ʻunwān) at opening on p.8, consisting of rectangular piece with central cartouche carrying title in white (partially effaced, reads "... قصيده المنفرجه الشريفه") on a gold ground flanked by floral motifs in red and gold and bordered in a turquoise band with white accents, surmounted by a scalloped semi-circular piece (dome) with swirling floral motifs in white, red, orange, pink, lavender, and light blue on a gold ground, set into a well of red, gold and heavy pink bands and surmounted by vertical stalks (tīgh) in blue with floral accents ; written area of incipit and facing page surrounded by heavy gold frame outlined by black fillets and set off by gold cloud-bands ; elsewhere written area surrounded by a narrower gold frame ; textual dividers in the form of gold rosettes and gold discs ; keywords rubricated ; illuminated tailpiece at close on p.242, consisting of swirling floral motifs in pink and gold flanking the text.</subfield></datafield><datafield tag="500" ind1=" " ind2=" "><subfield code="a">Script: Naskh ; elegant Ottoman hand ; partially seriffed with right-sloping head-serif mainly on lām, effect of tilt to the left, open and closed counters, mainly curvilinear descenders, pointing in conjoined dots, fully vocalized.</subfield></datafield><datafield tag="500" ind1=" " ind2=" "><subfield code="a">Layout: Written in 13 lines per page ; frame-ruled.</subfield></datafield><datafield tag="500" ind1=" " ind2=" "><subfield code="a">Collation: iii, 12 V(120), I (122), iii ; almost exclusively quinions ; catchwords present ; pagination in pencil, Western numerals (includes inner flyleaves and skips two pages each between pp.103-104 and 205-206).</subfield></datafield><datafield tag="500" ind1=" " ind2=" "><subfield code="a">Colophon: "Scribal," triangular and rectangular, reads "تمت القصيدة المباركة المسمى بالمنفرجه في اواخر شهر شوال من سهور سنه تسعين والف من هجرة من له العزة والشرف اللهم صل وسلم على شرف الخلق ... حرره العبد الحقير المحتاج الى رحمة ربه الرحيم البارى احمد بن ابراهيم الاسكدارى"</subfield></datafield><datafield tag="500" ind1=" " ind2=" "><subfield code="a">Explicit: "وحضرت علينك رضى الله تعالى عنه مدحنه متعلق اولان بيتله تمام ايدوب ختم قلديسه زياده تحريره حاجت قلميوب بونك شرحى دخى بو محلده ختم اولوب نهايت بولدى الحمد لله على التمام والصلوة والسلام على رسوله افضل الانام ... والله هو الرؤف الرحيم وهو حسبى ونعم الوكيل غفرانك ربنا واليك النصير"</subfield></datafield><datafield tag="500" ind1=" " ind2=" "><subfield code="a">Incipit: "الحمد لله الذي جعل الصبر على اشتداد الازمة والاذى مفتاحا للفرج ... اما بعد بو جريدۀ لطيفۀ نك تأليف وتحريرنه هادى وبو قصيدۀ شريفۀ نك شرح وتفسيرنه باعث وبادى ... وبوكه حكم مندرجه في شرح منفرجه ديمكله نام ويردم ..."</subfield></datafield><datafield tag="500" ind1=" " ind2=" "><subfield code="a">Title from opening matter on p.11.</subfield></datafield><datafield tag="500" ind1=" " ind2=" "><subfield code="a">Ms. codex.</subfield></datafield><datafield tag="520" ind1="8" ind2=" "><subfield code="a">Elegant copy of the Turkish commentary by İsmail Ankaravî Rasühî Dede (d.1632) on al-Qaṣīdah al-Munfarijah, an invocational poem by Ibn al-Naḥwī (d.1119).</subfield></datafield><datafield tag="538" ind1=" " ind2=" "><subfield code="a">Mode of access: Internet.</subfield></datafield><datafield tag="541" ind1=" " ind2=" "><subfield code="c">Purchase ;</subfield><subfield code="a">Acquired by purchase (funds donated by Horace Rackham).</subfield><subfield code="d">1924.</subfield></datafield><datafield tag="546" ind1=" " ind2=" "><subfield code="a">Ottoman Turkish.</subfield></datafield><datafield tag="561" ind1=" " ind2=" "><subfield code="a">On opening leaf (p.5), oval seal impression in name of Mehmet Hayri ( محمد خيرى / Muḥammad Khayrī ) repeated several times (possibly dated 1265 [1848 or 9]) ; also on opening leaf (p.5), statement dated 1 Ṣafar 1240 [ca. 25 September 1824].</subfield></datafield><datafield tag="600" ind1="1" ind2="0"><subfield code="a">Ibn al-Naḥwī, Yūsuf ibn Muḥammad,</subfield><subfield code="d">ca. 1041-1119 or 20.</subfield><subfield code="t">Munfarijah.</subfield></datafield><datafield tag="650" ind1=" " ind2="0"><subfield code="a">Manuscripts, Turkish</subfield><subfield code="z">Michigan</subfield><subfield code="z">Ann Arbor.</subfield></datafield><datafield tag="650" ind1=" " ind2="0"><subfield code="a">Islam</subfield><subfield code="v">Prayers and devotions</subfield><subfield code="v">Early works to 1800.</subfield></datafield><datafield tag="650" ind1=" " ind2="0"><subfield code="a">Arabic poetry</subfield><subfield code="x">History and criticism</subfield><subfield code="v">Early works to 1800.</subfield></datafield><datafield tag="655" ind1=" " ind2="7"><subfield code="a">Headpieces (layout features)</subfield><subfield code="y">17th century.</subfield><subfield code="2">aat</subfield></datafield><datafield tag="700" ind1="0" ind2=" "><subfield code="a">Abdülhamid</subfield><subfield code="b">II,</subfield><subfield code="c">Sultan of the Turks,</subfield><subfield code="d">1842-1918,</subfield><subfield code="e">former owner.</subfield></datafield><datafield tag="700" ind1="0" ind2=" "><subfield code="6">880-07</subfield><subfield code="a">Ahmet bin İbrahim ül-Üsküdarî,</subfield><subfield code="d">fl. 1679,</subfield><subfield code="e">scribe.</subfield></datafield><datafield tag="773" ind1="0" ind2=" "><subfield code="a">Abdul Hamid Collection.</subfield></datafield><datafield tag="880" ind1="0" ind2=" "><subfield code="6">700-07/</subfield><subfield code="a">احمد بن ابراهيم الاسكودارى,</subfield><subfield code="e">ناسخ.</subfield></datafield><datafield tag="880" ind1="3" ind2=" "><subfield code="6">246-04/</subfield><subfield code="a">شرح قصيدۀ منفرجه</subfield></datafield><datafield tag="880" ind1="1" ind2="0"><subfield code="6">245-03/</subfield><subfield code="a">حكم مندرجه في شرح منفرجه,</subfield><subfield code="f">[1090ه, 1679م].</subfield></datafield><datafield tag="880" ind1="1" ind2="0"><subfield code="6">240-02/</subfield><subfield code="a">قصيدۀ منفرجه شرحى</subfield></datafield><datafield tag="880" ind1="0" ind2=" "><subfield code="6">100-01/</subfield><subfield code="a">اسماعيل انقروى.</subfield></datafield><datafield tag="CID" ind1=" " ind2=" "><subfield code="a">006822808</subfield></datafield><datafield tag="DAT" ind1="0" ind2=" "><subfield code="a">20190719102640.0</subfield><subfield code="b">20190719000000.0</subfield></datafield><datafield tag="DAT" ind1="1" ind2=" "><subfield code="a">20190719090653.0</subfield><subfield code="b">2019-07-19T16:12:15Z</subfield></datafield><datafield tag="DAT" ind1="2" ind2=" "><subfield code="a">2015-10-02T18:00:03Z</subfield></datafield><datafield tag="CAT" ind1=" " ind2=" "><subfield code="a">SDR-MIU</subfield><subfield code="d">EX LIBRIS - ALEPH</subfield><subfield code="l">prepare.pl-004-008</subfield></datafield><datafield tag="FMT" ind1=" " ind2=" "><subfield code="a">BK</subfield></datafield><datafield tag="HOL" ind1=" " ind2=" "><subfield code="0">sdr-miu006822808</subfield><subfield code="a">MiU</subfield><subfield code="b">SDR</subfield><subfield code="c">MIU</subfield><subfield code="p">mdp.39015079130954</subfield><subfield code="s">MIU</subfield><subfield code="1">006822808</subfield></datafield><datafield tag="974" ind1=" " ind2=" "><subfield code="b">MIU</subfield><subfield code="c">MIU</subfield><subfield code="d">20190719</subfield><subfield code="s">lit-dlps-dc</subfield><subfield code="u">mdp.39015079130954</subfield><subfield code="y">1679</subfield><subfield code="r">pd</subfield><subfield code="q">bib</subfield><subfield code="t">non-US bib date1 &lt; 1896</subfield></datafield></record></collection>